<record><leader>00000cas a22000007a 4500</leader><controlfield tag="001">27799515</controlfield><controlfield tag="008">930325d18801884ctuwr ne      0    0eng d</controlfield><datafield ind1=" " ind2=" " tag="010"><subfield code="a">sn 93053875 </subfield></datafield><datafield ind1=" " ind2=" " tag="040"><subfield code="a">CNW</subfield><subfield code="b">eng</subfield><subfield code="c">CNW</subfield><subfield code="d">OCLCQ</subfield><subfield code="d">OCLCF</subfield><subfield code="d">OCLCO</subfield></datafield><datafield ind1="1" ind2=" " tag="029"><subfield code="a">AU@</subfield><subfield code="b">000020736508</subfield></datafield><datafield ind1=" " ind2=" " tag="042"><subfield code="a">msc</subfield></datafield><datafield ind1=" " ind2=" " tag="043"><subfield code="a">n-us-ct</subfield></datafield><datafield ind1="0" ind2=" " tag="130"><subfield code="a">New Britain herald (New Britain, Conn. : 1880)</subfield></datafield><datafield ind1="1" ind2="0" tag="245"><subfield code="a">New Britain herald.</subfield></datafield><datafield ind1=" " ind2=" " tag="260"><subfield code="a">New Britain, Conn. :</subfield><subfield code="b">Adkins Bros.</subfield></datafield><datafield ind1=" " ind2=" " tag="300"><subfield code="a">v.</subfield></datafield><datafield ind1=" " ind2=" " tag="310"><subfield code="a">Weekly,</subfield><subfield code="b">Feb. 9, 1883-1884</subfield></datafield><datafield ind1=" " ind2=" " tag="321"><subfield code="a">Weekly,</subfield><subfield code="b">1880-Jan. 7, 1882</subfield></datafield><datafield ind1=" " ind2=" " tag="321"><subfield code="a">Semiweekly,</subfield><subfield code="b">Jan. 10, 1882-Feb. 2, 1883</subfield></datafield><datafield ind1="0" ind2=" " tag="362"><subfield code="a">Vol. 1, no. 1 (Apr. 3, 1880)-</subfield></datafield><datafield ind1="1" ind2=" " tag="362"><subfield code="a">Ceased in 1884.</subfield></datafield><datafield ind1=" " ind2=" " tag="500"><subfield code="a">Published as: New Britain weekly herald, Sept. 17, 1881-Jan. 7, 1882.</subfield></datafield><datafield ind1=" " ind2=" " tag="530"><subfield code="a">Also issued on microfilm from Connecticut State Library, Hartford, CT.</subfield></datafield><datafield ind1=" " ind2=" " tag="580"><subfield code="a">Daily eds.: Evening herald (New Britain, Conn. : 1882), Dec. 2, 1882-Oct. 5, 1883, and: New Britain evening herald, Oct. 6, 1883-1884.</subfield></datafield><datafield ind1=" " ind2=" " tag="580"><subfield code="a">Published by the same publisher as: Hartford evening herald.</subfield></datafield><datafield ind1=" " ind2="0" tag="651"><subfield code="a">New Britain (Conn.)</subfield><subfield code="v">Newspapers.</subfield></datafield><datafield ind1=" " ind2="7" tag="655"><subfield code="a">Newspapers.</subfield><subfield code="2">fast</subfield><subfield code="0">(OCoLC)fst01423814</subfield></datafield><datafield ind1=" " ind2="7" tag="651"><subfield code="a">Connecticut</subfield><subfield code="z">New Britain.</subfield><subfield code="2">fast</subfield><subfield code="0">(OCoLC)fst01202983</subfield></datafield><datafield ind1=" " ind2=" " tag="752"><subfield code="a">United States</subfield><subfield code="b">Connecticut</subfield><subfield code="c">Hartford</subfield><subfield code="d">New Britain.</subfield></datafield><datafield ind1="1" ind2=" " tag="775"><subfield code="t">Evening herald (New Britain, Conn. : 1882)</subfield><subfield code="w">(DLC)sn 93054048</subfield><subfield code="w">(OCoLC)29396233</subfield></datafield><datafield ind1="1" ind2=" " tag="775"><subfield code="t">New Britain evening herald</subfield><subfield code="w">(DLC)sn 93054129</subfield></datafield><datafield ind1="0" ind2="5" tag="780"><subfield code="t">New Britain times (New Britain, Conn. : 1880)</subfield><subfield code="g">1881</subfield></datafield><datafield ind1="0" ind2="0" tag="785"><subfield code="t">New Britain weekly herald</subfield><subfield code="w">(DLC)sn 93054116</subfield><subfield code="w">(OCoLC)29396911</subfield></datafield><datafield ind1="1" ind2=" " tag="787"><subfield code="t">Hartford evening herald</subfield><subfield code="w">(DLC)sn 93054128</subfield><subfield code="w">(OCoLC)29396233</subfield></datafield></record>